<record><leader>00000cas a22000007a 4500</leader><controlfield tag="001">19009122</controlfield><controlfield tag="008">890112d19501953mouwr ne      0    0eng d</controlfield><datafield ind1=" " ind2=" " tag="010"><subfield code="a">sn 89066186 </subfield></datafield><datafield ind1=" " ind2=" " tag="040"><subfield code="a">MQN</subfield><subfield code="b">eng</subfield><subfield code="c">MQN</subfield><subfield code="d">OCLCQ</subfield></datafield><datafield ind1=" " ind2=" " tag="042"><subfield code="a">msc</subfield></datafield><datafield ind1="0" ind2=" " tag="130"><subfield code="a">Miller news (Miller, Mo. : 1950)</subfield></datafield><datafield ind1="1" ind2="4" tag="245"><subfield code="a">The Miller news.</subfield></datafield><datafield ind1=" " ind2=" " tag="260"><subfield code="a">Miller, Mo. :</subfield><subfield code="b">Mr. &amp; Mrs. Rush S. Crawford,</subfield><subfield code="c">1950-1953.</subfield></datafield><datafield ind1=" " ind2=" " tag="300"><subfield code="a">v.</subfield></datafield><datafield ind1=" " ind2=" " tag="310"><subfield code="a">Weekly</subfield></datafield><datafield ind1="0" ind2=" " tag="362"><subfield code="a">Vol. 78, no. 52 (Mar. 16, 1950)-v. 82, no. 9 (May 14, 1953).</subfield></datafield><datafield ind1=" " ind2=" " tag="752"><subfield code="a">United States</subfield><subfield code="b">Missouri</subfield><subfield code="c">Lawrence</subfield><subfield code="d">Miller.</subfield></datafield><datafield ind1="0" ind2="1" tag="780"><subfield code="t">Miller news &amp; advance</subfield><subfield code="w">(DLC)sn 89066185</subfield></datafield><datafield ind1="0" ind2="4" tag="785"><subfield code="t">Lawrence chieftain</subfield><subfield code="w">(DLC)sn 86063632</subfield></datafield></record>